%% This BibTeX bibliography file was created using BibDesk.
%% http://bibdesk.sourceforge.net/

%% Created for Philipp Wolters at 2018-02-27 11:02:16 +0100 


%% Saved with string encoding Unicode (UTF-8) 



@book{FUR,
	Author = {Furht, Borko ; Villanustre, Flavio},
	Date-Added = {2018-02-27 10:01:44 +0000},
	Date-Modified = {2018-02-27 10:02:16 +0000},
	Publisher = {Springer International Publishing},
	Title = {Big Data Technologies and Applications},
	Year = {2016}}

@book{GAD,
	Author = {Gadatsch, Andreas; Landrock, Holm },
	Date-Added = {2018-02-27 10:00:25 +0000},
	Date-Modified = {2018-02-27 10:01:35 +0000},
	Publisher = {Springer Vieweg},
	Title = {Big Data f{\"u}r Entscheider: Entwicklung und Umsetzung datengetriebener Gesch{\"a}ftsmodelle},
	Year = {2017}}

@book{DOR,
	Author = {Dorschel, Joachim},
	Date-Added = {2018-02-27 09:59:10 +0000},
	Date-Modified = {2018-02-27 10:00:23 +0000},
	Publisher = {Springer Gabler},
	Title = {Praxishandbuch Big Data: Wirtschaft -- Recht -- Technik},
	Year = {2015}}

@book{FAS,
	Annote = { http://www.digibib.net/permalink/836/FHBM-x/DE-836:ocn953133406},
	Author = {Fasel, Daniel ; Meier, Andreas},
	Date-Added = {2018-02-27 09:57:44 +0000},
	Date-Modified = {2018-02-27 09:59:08 +0000},
	Publisher = {Springer Fachmedien Wiesbaden},
	Title = {Big Data: Grundlagen, Systeme und Nutzungspotenziale},
	Year = {2016}}

@book{GMA,
	Annote = { http://www.digibib.net/permalink/836/FHBM-x/DE-836:ocn965886194},
	Author = {Garc{\'\i}a M{\'a}rquez, Fausto Pedro; Lev, Benjamin },
	Date-Added = {2018-02-27 09:55:41 +0000},
	Date-Modified = {2018-02-27 09:56:53 +0000},
	Publisher = {Springer International Publishing},
	Title = {Big Data Management},
	Year = {2017}}
